@article{erwig2011choice,
    title     = {The choice calculus: A representation for software variation},
    author    = {Erwig, Martin and Walkingshaw, Eric},
    journal   = {ACM Transactions on Software Engineering and Methodology (TOSEM)},
    volume    = {21},
    number    = {1},
    pages     = {6},
    year      = {2011},
    publisher = {ACM}
}

@inproceedings{walkingshaw2014variational,
    title        = {Variational Data Structures: Exploring Tradeoffs in Computing with Variability},
    author       = {Walkingshaw, Eric and K{\"a}stner, Christian and Erwig, Martin and Apel, Sven and Bodden, Eric},
    booktitle    = {Proceedings of the 2014 ACM International Symposium on New Ideas, New Paradigms, and Reflections on Programming \& Software},
    pages        = {213--226},
    year         = {2014},
    organization = {ACM}
}

@inproceedings{walkingshaw2014projectional,
    title        = {Projectional editing of variational software},
    author       = {Walkingshaw, Eric and Ostermann, Klaus},
    booktitle    = {Proceedings of the 2014 International Conference on Generative Programming: Concepts and Experiences},
    pages        = {29--38},
    year         = {2014},
    organization = {ACM}
}

@inproceedings{yoon2014longitudinal,
    title        = {A longitudinal study of programmers' backtracking},
    author       = {Yoon, Young Seok and Myers, Brad and others},
    booktitle    = {Visual Languages and Human-Centric Computing (VL/HCC), 2014 IEEE Symposium on},
    pages        = {101--108},
    year         = {2014},
    organization = {IEEE}
}

@inproceedings{brun2011proactive,
  title        = {Proactive detection of collaboration conflicts},
  author       = {Brun, Yuriy and Holmes, Reid and Ernst, Michael D and Notkin, David},
  booktitle    = {Proceedings of the 19th ACM SIGSOFT symposium and the 13th European conference on Foundations of software engineering},
  pages        = {168--178},
  year         = {2011},
  organization = {ACM}
}

@incollection{atkins1998version,
    title     = {Version sensitive editing: Change history as a programming tool},
    author    = {Atkins, David L},
    booktitle = {System Configuration Management},
    pages     = {146--157},
    year      = {1998},
    publisher = {Springer}
}

@mastersthesis{allen2014,
    author = "Allen, Wyatt",
    title  = "Variational Parsing with the Choice Calculus",
    school = "Oregon State University",
    year   = 2014
}

@unpublished{erwig2015,
    author = "Erwig, Martin and Smeltzer, Karl and Xu, Keying",
    title  = "Unchaining the Edits: A Non-Linear Program Edit Model Supporting Edit-Based Program Generation"
    note   = "",
    year   = 2015
}
  
@inproceedings{caius2014,
    author       = "Brindescu, Caius and Codoban, Mihai and Shmarkatiuk, Sergii and Dig, Danny",
    title        = "How Do Centralized and Distributed Version Control Systems Impact Software Changes?",
    year         = 2014,
    booktitle    = "International Conference on Software Engineering, May 31 - June 7, 2014, Hyderabad, India"
    organization = "ACM"
}

@inproceedings{young2015,
    author    = "Yoon, YoungSeok and Myers, Brad",
    title     = "Supporting Selective Undo in a Code Editor",
    year      = 2015,
    booktitle = "International Conference on Software Engineering, 2015"
}

@inproceedings{myers,
    author = "Myers, Eugene W",
    title  = "An O(ND) Difference Algorithm and Its Variations"
}

@misc{diff,
    title        = "diff.info GNU Info page",
    author       = "",
    organization = "",
    address      = "",
    edition      = "version 2.8.1",
    year         = "2002",
    month        = "April",
    note         = "",
}

@misc{gitUrl,
    title        = "Github", 
    howpublished = "\url{http://www.github.com/}"
}
%@misc{gitSurveyUrl,
%title = "Git User Survey"
%howpublished = "\url{https://git.wiki.kernel.org/index.php/GitSurvey2012}"
}

@inproceedings{lsDiff2009,
    author = "Kim, Miryung and Notkin, David",
    title = "Discovering and Representing Systematic Code Changes",
    year = 2009,
    booktitle = "31st International Conference on Software Engineering "
}

%@misc{eGit,
%title = "Egit"
%howpublished = "\url{http://www.eclipse.org/egit/?gclid}"
%}

%@misc{vsGit,
%title = "Visual Studio tool for Git"
%howpublished = "\url{https://visualstudiogallery.msdn.microsoft.com/abafc7d6-dcaa-40f4-8a5e-d6724bdb980c}"
%}

@inproceedings{regionalundo2003,
    author = "R, Li and D, Li",
    title = "A regional undo mechanism for text editing",
    year = 2003,
    booktitle = "Intl. Workshop on Collaborative Editing Systems (IWCES'03) "
}







